<?xml version="1.0" encoding="UTF-8"?>
<collection xmlns:xsi="http://www.w3.org/2001/XMLSchema-instance" xsi:schemaLocation="http://www.loc.gov/MARC21/slim http://www.loc.gov/standards/marcxml/schema/MARC21slim.xsd" xmlns="http://www.loc.gov/MARC21/slim">
<record>
  <leader>00821cam a2200205   4500</leader>
  <controlfield tag="001">3233699</controlfield>
  <controlfield tag="003">NNC</controlfield>
  <controlfield tag="005">20031204151711.0</controlfield>
  <controlfield tag="008">890908s1927    ua            000 0 araod</controlfield>
  <datafield tag="035" ind1=" " ind2=" ">
    <subfield code="a">(OCoLC)ocm23486151</subfield>
  </datafield>
  <datafield tag="035" ind1=" " ind2=" ">
    <subfield code="9">AUK6074CU</subfield>
  </datafield>
  <datafield tag="035" ind1=" " ind2=" ">
    <subfield code="a">(NNC)3233699</subfield>
  </datafield>
  <datafield tag="040" ind1=" " ind2=" ">
    <subfield code="a">EYM</subfield>
    <subfield code="c">EYM</subfield>
    <subfield code="d">CGU</subfield>
    <subfield code="d">ZCU</subfield>
  </datafield>
  <datafield tag="050" ind1=" " ind2="4">
    <subfield code="a">DS 244</subfield>
    <subfield code="b">.M98</subfield>
  </datafield>
  <datafield tag="100" ind1="1" ind2=" ">
    <subfield code="a">Muṣṭafá, Muḥammad Shafīq.</subfield>
  </datafield>
  <datafield tag="245" ind1="1" ind2="0">
    <subfield code="a">Fī qalb Najd wa-al-Ḥijāz :</subfield>
    <subfield code="b">silsilat maqālāt siyāsīyah, ijtimāʻīyah dīnīyah tataḍamman ḥaqāʾiq wa-mushāhadāt fī qalba Shibh al-Jazīrah al-ʻArabīyah lam yusbaq li-raḥḥālah tadwīnahā qabl al-ān /</subfield>
    <subfield code="c">bi-qalam Muḥammad Shafīq Muṣṭafá.</subfield>
  </datafield>
  <datafield tag="260" ind1=" " ind2=" ">
    <subfield code="a">Miṣr :</subfield>
    <subfield code="b">Maktabat al-Manār,</subfield>
    <subfield code="c">1927</subfield>
  </datafield>
  <datafield tag="300" ind1=" " ind2=" ">
    <subfield code="a">67 p.</subfield>
    <subfield code="b">port.</subfield>
    <subfield code="c">20 cm.</subfield>
  </datafield>
  <datafield tag="651" ind1=" " ind2="0">
    <subfield code="a">Arabian Peninsula</subfield>
    <subfield code="x">History.</subfield>
  </datafield>
  <datafield tag="955" ind1=" " ind2=" ">
    <subfield code="b">CU58972137</subfield>
    <subfield code="d">off,glx</subfield>
    <subfield code="e">893.711 M894</subfield>
  </datafield>
</record>
</collection>